4752 6032
872 1047 937 1113 12.
1043 1021 1254 1112 Aetola
1322 1021 1617 1168 utum-Um
1681 1021 1835 1114 Willd.

612 1253 687 1385 A.
714 1309 891 1387 inermis:
918 1309 1093 1406 capitulis
1120 1311 1341 1384 axillaribus
1368 1306 1642 1386 subsolitariis:
1668 1307 1817 1403 petiolis
1843 1307 1984 1398 ovatis,
2011 1306 2144 1416 acutis,

612 1447 762 1544 oblique
788 1444 956 1520 venosis:
985 1444 1101 1517 ramis
1122 1444 1544 1546 triquetro-angulatis·

699 1654 740 1716 A.
766 1651 957 1731 Maugiurn:
980 1649 1132 1722 inermis,
1163 1649 1249 1708 loliis
1274 1651 1371 1709 oratis
1395 1651 1497 1709 acutis
1519 1647 1651 1729 oblique
1672 1649 1820 1721 venosis,
1844 1645 2066 1730 leguminibus
2086 1642 2147 1706 lal-

613 1771 713 1844 catis,
750 1772 852 1831 ramis
874 1769 1051 1848 triquetris.
1104 1766 1211 1826 Willd.
1237 1767 1292 1848 Sp.
1310 1768 1357 1848 pl.
1380 1767 1437 1833 tv.
1460 1785 1534 1849 pag.
1562 1780 1655 1844 1⁰53·

699 1935 839 1995 Mimosa
873 1931 1038 1994 laurilolia
1059 1929 1086 2004 β
1107 1931 1291 2011 Mangium.
1314 1932 1424 1992 Poiret
1442 1929 1577 2015 Encycl.
1599 1931 1668 1999 bot.
1694 1933 1805 2016 Suppl.
1823 1951 1896 2016 pag.
1920 1932 1976 1998 61.

704 2101 879 2182 Mangium
906 2110 1115 2158 montanum.
1160 2095 1305 2190 Rumpb.
1331 2097 1417 2160 amb.
1444 2117 1475 2176 5.
1503 2119 1537 2180 p.
1563 2113 1635 2180 123.
1658 2098 1725 2166 tab.
1748 2111 1802 2172 81.

700 2263 836 2326 Habitat
856 2265 892 2324 in
913 2230 1085 2326 Nloluccis.
1119 2239 1153 2336 lt

704 2490 780 2550 Oss.
811 2485 905 2547 Hanc
938 2488 1095 2568 speciem,
1119 2488 1245 2550 anullo
1267 2505 1338 2570 post
1359 2490 1562 2571 Rumphium
1587 2493 1797 2553 observatam:
1821 2508 1896 2550 cum
1919 2485 2146 2548 Willdonowio

617 2607 755 2687 aliisque
776 2607 863 2666 inter
883 2607 1005 2686 species
1028 2608 1172 2686 proprias
1197 2627 1407 2678 enumerare,
1431 2625 1530 2688 quam
1553 2629 1629 2670 cum
1651 2611 1792 2670 Poiretio
1812 2627 1884 2669 eam
1907 2609 2095 2666 vadentem
2123 2603 2150 2678 β

614 2727 672 2787 Ac.
696 2723 870 2798 laurilolia,
895 2725 1000 2784 lacere
1023 2725 1135 2799 malui,
1158 2745 1176 2784 a
1198 2746 1260 2806 qua
1281 2727 1470 2808 praesertim
1485 2727 1679 2804 petiolorum
1695 2742 1866 2787 nervatura
1889 2727 1965 2784 satis
1990 2741 2150 2806 superque

493 2907 498 2920 ,
617 2842 749 2904 differre
779 2844 919 2917 videtur,
947 2861 1025 2902 nam
1053 2843 1088 2902 in
1120 2845 1157 2904 Α.
1187 2845 1350 2906 laurilolia
1370 2844 1482 2926 petioli
1506 2845 1633 2904 nullam
1655 2859 1774 2926 gerunt
1802 2857 1942 2916 costam,
1963 2842 2019 2902 sed
2040 2843 2148 2925 plures

616 2981 735 3024 nervos
760 2963 953 3044 plerumque
985 2982 1023 3040 15
1055 2963 1192 3040 (Willd.
1216 2965 1239 3028 l.
1265 2964 1311 3041 c.)
1336 2982 1355 3022 a
1380 2962 1451 3023 basi
1483 2962 1523 3022 ad
1546 2965 1671 3044 apicem
1691 2977 1915 3037 excurrentes,
1938 2965 1974 3023 in
1997 2963 2033 3024 a·
2055 2941 2158 3024 Mani

617 3083 709 3163 gium
740 3101 815 3141 vero
845 3081 958 3164 petioli
997 3095 1085 3142 costa
1113 3083 1256 3163 margini
1285 3080 1384 3141 altero
1413 3080 1567 3162 parallelo
1597 3084 1817 3162 approximate
1846 3096 1879 3142 et
1915 3083 2015 3142 altero
2051 3082 2151 3142 latere

616 3219 732 3261 uersos
776 3213 839 3260 tres
879 3199 999 3259 validos
1032 3216 1200 3261 exserente
1230 3202 1390 3260 instructi.
1436 3197 1503 3276 (Ex
1524 3201 1612 3263 icon.
1637 3199 1801 3280 Rumph.)
1859 3201 2015 3261 Ceterum
2049 3201 2150 3260 Rum-

615 3317 712 3400 phius
746 3319 828 3378 haec
857 3317 973 3379 habet:
1009 3319 1099 3381 Haec
1124 3319 1349 3401 arborMangi
1374 3318 1489 3398 Mangi
1524 3315 1685 3398 Goenong
1714 3317 1819 3394 dicta,
1847 3323 1883 3379 in
1910 3293 2015 3401 parvis
2037 3321 2151 3380 crescit

619 3438 705 3496 silvis
729 3439 765 3496 in
792 3439 896 3498 Omaa
919 3451 951 3498 et
977 3438 1147 3499 Haroeltae
1170 3439 1347 3512 montibus,
1370 3439 1509 3498 formam
1532 3440 1672 3518 vulgaris
1695 3437 1822 3516 Mangii
1843 3437 2023 3513 exhibens,
2058 3441 2149 3514 cujus

618 3569 652 3616 et
687 3553 777 3614 loliis
816 3555 1058 3638 magnitudine,
1094 3578 1163 3618 non
1202 3571 1312 3616 autem
1350 3577 1505 3618 venarum
1535 3556 1675 3617 decursu
1703 3555 1891 3638 respondet,
1931 3571 2008 3617 sunt
2043 3569 2152 3617 autem

621 3675 765 3750 quinque
822 3673 951 3752 pollices
993 3675 1108 3756 longa,
1156 3674 1382 3755 sesquipedem
1426 3677 1491 3736 lata
1526 3677 1561 3738 iu
1608 3675 1763 3735 obtusum
1798 3676 1922 3756 apicem
1960 3675 2153 3738 desinentia,

620 3809 677 3871 per
696 3789 939 3868 longitudinem
962 3807 1100 3871 quatuor
1121 3796 1228 3854 nervis
1253 3794 1421 3868 distinctu,
1442 3794 1595 3874 utrinque
1616 3790 1900 3874 protuberantibus
1919 3793 2052 3854 nullum
2078 3814 2151 3856 vero

620 3923 739 3988 gerunt
768 3925 906 3968 nervum
931 3910 1095 3982 medium,
1124 3911 1213 3973 unde
1237 3927 1268 3973 et
1288 3911 1528 3991 quodammodo
1552 3911 1672 3970 similia
1695 3924 1771 3970 sunt
1791 3911 1854 3971 illis
1877 3909 2038 3972 Dammar
2061 3899 2152 3988 llatu,

621 4026 672 4086 rel
695 4029 797 4108 magis
816 4031 946 4109 proprie
967 4027 1033 4088 illis
1059 4029 1215 4090 Canellae
1238 4031 1406 4103 silvestris,
1429 4031 1555 4110 ingrate
1578 4028 1682 4088 dulcis
1706 4032 1839 4110 saporis.

708 4196 815 4256 Arbor
836 4197 993 4278 plurimos
1008 4200 1090 4276 gerit
1103 4197 1214 4256 broces
1236 4199 1379 4257 ramulos
1396 4195 1596 4276 densamque
1621 4216 1768 4270 comam,
1790 4201 1907 4261 ramuli
1928 4215 2039 4262 autem
2059 4220 2153 4282 supe-

621 4317 722 4375 riores
736 4314 945 4396 potissimum
960 4316 1111 4395 angulosi
1132 4335 1209 4376 sunt
1228 4334 1286 4376 seu
1309 4315 1530 4394 triangulares,
1550 4315 1666 4395 quibus
1690 4317 1767 4376 lolia
1787 4338 1876 4378 nunc
1899 4320 2038 4388 soltaria.
2060 4338 2152 4379 nunc

624 4431 704 4492 bina
726 4432 874 4516 obposita
893 4432 1052 4498 insident.

708 4600 785 4660 Post
806 4599 885 4660 lolia
906 4602 1030 4662 lructus
1054 4606 1303 4684 progerminant
1323 4603 1431 4687 plures
1453 4627 1492 4667 er
1520 4608 1657 4666 racemis
1682 4606 1911 4686 dependentes,
1934 4625 2015 4684 quae
2034 4623 2151 4686 parvae

629 4733 721 4792 sunt,
743 4717 877 4790 virides,
897 4719 1032 4799 planae,
1053 4724 1224 4796 incurvae,
1245 4725 1445 4806 interruptae
1468 4725 1630 4796 filiculae,
1652 4727 1756 4786 instar
1784 4725 1927 4806 plurium
1950 4727 2153 4808 scorpiorum
