<?xml version="1.0" encoding="UTF-8"?>
<!DOCTYPE html PUBLIC "-//W3C//DTD XHTML 1.0 Transitional//EN"
    "http://www.w3.org/TR/xhtml1/DTD/xhtml1-transitional.dtd">
<html xmlns="http://www.w3.org/1999/xhtml" xml:lang="en" lang="en">
 <head>
  <title>
</title>
<meta http-equiv="Content-Type" content="text/html;charset=utf-8" />
  <meta name='ocr-system' content='tesseract 3.04.00' />
  <meta name='ocr-capabilities' content='ocr_page ocr_carea ocr_par ocr_line ocrx_word'/>
</head>
<body>
  <div class='ocr_page' id='page_1' title='image "./commentatiodeac00wendgoog_0098.png"; bbox 0 0 4752 6032; ppageno 0'>
   <div class='ocr_carea' id='block_1_1' title="bbox 929 869 1125 930">
    <p class='ocr_par' dir='ltr' id='par_1_1' title="bbox 929 869 1125 930">
     <span class='ocr_line' id='line_1_1' title="bbox 929 869 1125 930; baseline -0.005 1"><span class='ocrx_word' id='word_1_1' title='bbox 929 869 1125 930; x_wconf 51' lang='grc' dir='ltr'><strong>ψ</strong></span> 
     </span>
    </p>
   </div>
   <div class='ocr_carea' id='block_1_2' title="bbox 350 1067 1013 1144">
    <p class='ocr_par' dir='ltr' id='par_1_2' title="bbox 350 1067 1013 1144">
     <span class='ocr_line' id='line_1_2' title="bbox 350 1067 1013 1144; baseline -0.009 -10"><span class='ocrx_word' id='word_1_2' title='bbox 350 1071 490 1134; x_wconf 82' lang='lat' dir='ltr'><strong>Mimosu</strong></span> <span class='ocrx_word' id='word_1_3' title='bbox 511 1069 670 1140; x_wconf 83' lang='lat' dir='ltr'><strong>binervia,</strong></span> <span class='ocrx_word' id='word_1_4' title='bbox 715 1067 841 1133; x_wconf 81' lang='lat' dir='ltr'><strong>Wendt</strong></span> <span class='ocrx_word' id='word_1_5' title='bbox 867 1067 936 1128; x_wconf 88' lang='lat' dir='ltr'><strong>obs.</strong></span> <span class='ocrx_word' id='word_1_6' title='bbox 960 1069 1013 1144; x_wconf 83' lang='lat'><strong>56.</strong></span> 
     </span>
    </p>
   </div>
   <div class='ocr_carea' id='block_1_3' title="bbox 352 1218 933 1315">
    <p class='ocr_par' dir='ltr' id='par_1_3' title="bbox 352 1218 933 1315">
     <span class='ocr_line' id='line_1_3' title="bbox 352 1218 933 1315; baseline -0.005 -14"><span class='ocrx_word' id='word_1_7' title='bbox 352 1239 487 1301; x_wconf 84' lang='lat' dir='ltr'><strong>Habitat</strong></span> <span class='ocrx_word' id='word_1_8' title='bbox 506 1241 544 1301; x_wconf 77' lang='lat' dir='ltr'><strong>sn</strong></span> <span class='ocrx_word' id='word_1_9' title='bbox 564 1239 659 1302; x_wconf 69' lang='lat' dir='ltr'><strong>Nova</strong></span> <span class='ocrx_word' id='word_1_10' title='bbox 676 1237 865 1305; x_wconf 73' lang='lat' dir='ltr'><strong>Houanna.</strong></span> <span class='ocrx_word' id='word_1_11' title='bbox 897 1218 933 1315; x_wconf 68' lang='lat' dir='ltr'><strong>it</strong></span> 
     </span>
    </p>
   </div>
   <div class='ocr_carea' id='block_1_4' title="bbox 858 1492 1192 1564">
    <p class='ocr_par' dir='ltr' id='par_1_4' title="bbox 858 1492 1192 1564">
     <span class='ocr_line' id='line_1_4' title="bbox 858 1492 1192 1564; baseline -0.009 -7"><span class='ocrx_word' id='word_1_12' title='bbox 858 1492 1192 1564; x_wconf 80' lang='lat' dir='ltr'><strong>DESCRIPTIO,</strong></span> 
     </span>
    </p>
   </div>
   <div class='ocr_carea' id='block_1_5' title="bbox 262 1665 1796 4016">
    <p class='ocr_par' dir='ltr' id='par_1_5' title="bbox 262 1665 1792 1988">
     <span class='ocr_line' id='line_1_5' title="bbox 352 1665 1792 1754; baseline 0.001 -24"><span class='ocrx_word' id='word_1_13' title='bbox 352 1669 497 1730; x_wconf 82' lang='lat' dir='ltr'><strong>Fnusax</strong></span> <span class='ocrx_word' id='word_1_14' title='bbox 517 1665 784 1749; x_wconf 82' lang='lat' dir='ltr'><strong>quinquepedaiis</strong></span> <span class='ocrx_word' id='word_1_15' title='bbox 808 1667 952 1726; x_wconf 83' lang='lat' dir='ltr'><strong>circiter:</strong></span> <span class='ocrx_word' id='word_1_16' title='bbox 983 1666 1081 1724; x_wconf 84' lang='lat' dir='ltr'><strong>ramis</strong></span> <span class='ocrx_word' id='word_1_17' title='bbox 1104 1665 1279 1744; x_wconf 77' lang='lat' dir='ltr'><strong>teretibus,</strong></span> <span class='ocrx_word' id='word_1_18' title='bbox 1303 1665 1567 1754; x_wconf 78' lang='lat' dir='ltr'><strong>costicepallids</strong></span> <span class='ocrx_word' id='word_1_19' title='bbox 1590 1668 1681 1730; x_wconf 84' lang='lat' dir='ltr'><strong>fusco</strong></span> <span class='ocrx_word' id='word_1_20' title='bbox 1705 1669 1792 1731; x_wconf 79' lang='lat' dir='ltr'><strong>laesi</strong></span> 
     </span>
     <span class='ocr_line' id='line_1_6' title="bbox 271 1783 1788 1870; baseline 0 -23"><span class='ocrx_word' id='word_1_21' title='bbox 271 1787 564 1870; x_wconf 83' lang='lat' dir='ltr'><strong>subpulveruiento</strong></span> <span class='ocrx_word' id='word_1_22' title='bbox 593 1791 695 1848; x_wconf 87' lang='lat' dir='ltr'><strong>tectis.</strong></span> <span class='ocrx_word' id='word_1_23' title='bbox 754 1788 884 1848; x_wconf 81' lang='lat' dir='ltr'><strong>Remuli</strong></span> <span class='ocrx_word' id='word_1_24' title='bbox 920 1788 1043 1848; x_wconf 89' lang='lat' dir='ltr'><strong>summi</strong></span> <span class='ocrx_word' id='word_1_25' title='bbox 1073 1783 1188 1845; x_wconf 90' lang='lat' dir='ltr'><strong>obtuse</strong></span> <span class='ocrx_word' id='word_1_26' title='bbox 1218 1785 1365 1866; x_wconf 83' lang='lat' dir='ltr'><strong>angulati</strong></span> <span class='ocrx_word' id='word_1_27' title='bbox 1398 1805 1475 1848; x_wconf 86' lang='lat' dir='ltr'><strong>cum</strong></span> <span class='ocrx_word' id='word_1_28' title='bbox 1511 1786 1598 1848; x_wconf 81' lang='lat' dir='ltr'><strong>foliis</strong></span> <span class='ocrx_word' id='word_1_29' title='bbox 1631 1788 1788 1849; x_wconf 85' lang='lat' dir='ltr'><strong>inadultis</strong></span> 
     </span>
     <span class='ocr_line' id='line_1_7' title="bbox 262 1907 861 1988; baseline 0.002 -22"><span class='ocrx_word' id='word_1_30' title='bbox 262 1907 489 1988; x_wconf 77' lang='lat' dir='ltr'><strong>pulcherrime</strong></span> <span class='ocrx_word' id='word_1_31' title='bbox 512 1907 861 1988; x_wconf 85' lang='lat' dir='ltr'><strong>sulphureo-sericeis.</strong></span> 
     </span>
    </p>

    <p class='ocr_par' dir='ltr' id='par_1_6' title="bbox 266 2024 1794 2584">
     <span class='ocr_line' id='line_1_8' title="bbox 354 2024 1791 2108; baseline 0 -23"><span class='ocrx_word' id='word_1_32' title='bbox 354 2026 508 2085; x_wconf 80' lang='lat' dir='ltr'><strong>Pnsronr</strong></span> <span class='ocrx_word' id='word_1_33' title='bbox 542 2026 678 2098; x_wconf 84' lang='lat' dir='ltr'><strong>alterni,</strong></span> <span class='ocrx_word' id='word_1_34' title='bbox 716 2039 1016 2104; x_wconf 82' lang='lat' dir='ltr'><strong>erecto-patentes,</strong></span> <span class='ocrx_word' id='word_1_35' title='bbox 1051 2026 1203 2106; x_wconf 87' lang='lat' dir='ltr'><strong>oblongi,</strong></span> <span class='ocrx_word' id='word_1_36' title='bbox 1245 2024 1312 2085; x_wconf 86' lang='lat' dir='ltr'><strong>basi</strong></span> <span class='ocrx_word' id='word_1_37' title='bbox 1349 2026 1523 2098; x_wconf 86' lang='lat' dir='ltr'><strong>attenuati,</strong></span> <span class='ocrx_word' id='word_1_38' title='bbox 1567 2029 1658 2108; x_wconf 87' lang='lat' dir='ltr'><strong>apice</strong></span> <span class='ocrx_word' id='word_1_39' title='bbox 1694 2026 1791 2100; x_wconf 80' lang='lat' dir='ltr'><strong>acuti,</strong></span> 
     </span>
     <span class='ocr_line' id='line_1_9' title="bbox 269 2141 1794 2226; baseline 0.004 -26"><span class='ocrx_word' id='word_1_40' title='bbox 269 2141 576 2221; x_wconf 82' lang='lat' dir='ltr'><strong>subinaequiluteri,</strong></span> <span class='ocrx_word' id='word_1_41' title='bbox 599 2143 752 2204; x_wconf 86' lang='lat' dir='ltr'><strong>deorsum</strong></span> <span class='ocrx_word' id='word_1_42' title='bbox 773 2146 945 2226; x_wconf 82' lang='lat' dir='ltr'><strong>paululum</strong></span> <span class='ocrx_word' id='word_1_43' title='bbox 965 2145 1092 2221; x_wconf 76' lang='lat' dir='ltr'><strong>falcati,</strong></span> <span class='ocrx_word' id='word_1_44' title='bbox 1125 2148 1232 2206; x_wconf 84' lang='lat' dir='ltr'><strong>nervis</strong></span> <span class='ocrx_word' id='word_1_45' title='bbox 1254 2145 1358 2206; x_wconf 87' lang='lat' dir='ltr'><strong>tribus</strong></span> <span class='ocrx_word' id='word_1_46' title='bbox 1387 2143 1641 2206; x_wconf 79' lang='lat' dir='ltr'><strong>evidentioribus</strong></span> <span class='ocrx_word' id='word_1_47' title='bbox 1666 2147 1794 2224; x_wconf 86' lang='lat' dir='ltr'><strong>paucis·</strong></span> 
     </span>
     <span class='ocr_line' id='line_1_10' title="bbox 266 2261 1793 2346; baseline 0.003 -28"><span class='ocrx_word' id='word_1_48' title='bbox 266 2279 333 2338; x_wconf 49' lang='lat' dir='ltr'><strong>¹que</strong></span> <span class='ocrx_word' id='word_1_49' title='bbox 356 2261 427 2320; x_wconf 85' lang='lat' dir='ltr'><strong>aliis</strong></span> <span class='ocrx_word' id='word_1_50' title='bbox 460 2261 613 2324; x_wconf 79' lang='lat' dir='ltr'><strong>obsoletis</strong></span> <span class='ocrx_word' id='word_1_51' title='bbox 641 2267 810 2337; x_wconf 84' lang='lat' dir='ltr'><strong>instructi,</strong></span> <span class='ocrx_word' id='word_1_52' title='bbox 844 2265 1057 2326; x_wconf 81' lang='lat' dir='ltr'><strong>subtilissime</strong></span> <span class='ocrx_word' id='word_1_53' title='bbox 1086 2265 1373 2346; x_wconf 80' lang='lat' dir='ltr'><strong>longitudinaliter</strong></span> <span class='ocrx_word' id='word_1_54' title='bbox 1404 2265 1523 2337; x_wconf 78' lang='lat' dir='ltr'><strong>striati,</strong></span> <span class='ocrx_word' id='word_1_55' title='bbox 1553 2262 1642 2323; x_wconf 84' lang='lat' dir='ltr'><strong>haud</strong></span> <span class='ocrx_word' id='word_1_56' title='bbox 1672 2264 1793 2344; x_wconf 82' lang='lat' dir='ltr'><strong>margi·</strong></span> 
     </span>
     <span class='ocr_line' id='line_1_11' title="bbox 268 2380 1791 2467; baseline 0.003 -29"><span class='ocrx_word' id='word_1_57' title='bbox 268 2381 358 2449; x_wconf 86' lang='lat' dir='ltr'><strong>nati,</strong></span> <span class='ocrx_word' id='word_1_58' title='bbox 385 2380 605 2460; x_wconf 78' lang='lat' dir='ltr'><strong>eglouduiosi,</strong></span> <span class='ocrx_word' id='word_1_59' title='bbox 629 2381 893 2460; x_wconf 80' lang='lat' dir='ltr'><strong>glaucesceutes,</strong></span> <span class='ocrx_word' id='word_1_60' title='bbox 914 2385 1288 2467; x_wconf 80' lang='lat' dir='ltr'><strong>tri-quadripolltcares,</strong></span> <span class='ocrx_word' id='word_1_61' title='bbox 1317 2385 1535 2446; x_wconf 80' lang='lat' dir='ltr'><strong>semiunciam</strong></span> <span class='ocrx_word' id='word_1_62' title='bbox 1559 2395 1592 2444; x_wconf 90' lang='lat' dir='ltr'><strong>et</strong></span> <span class='ocrx_word' id='word_1_63' title='bbox 1613 2382 1699 2444; x_wconf 81' lang='lat' dir='ltr'><strong>ulna</strong></span> <span class='ocrx_word' id='word_1_64' title='bbox 1719 2382 1791 2450; x_wconf 85' lang='lat' dir='ltr'><strong>lati.</strong></span> 
     </span>
     <span class='ocr_line' id='line_1_12' title="bbox 270 2498 1413 2584; baseline 0.009 -26"><span class='ocrx_word' id='word_1_65' title='bbox 270 2498 419 2558; x_wconf 84' lang='lat' dir='ltr'><strong>Juniores</strong></span> <span class='ocrx_word' id='word_1_66' title='bbox 441 2501 509 2560; x_wconf 80' lang='lat' dir='ltr'><strong>sese</strong></span> <span class='ocrx_word' id='word_1_67' title='bbox 532 2499 706 2581; x_wconf 80' lang='lat' dir='ltr'><strong>spathuiati</strong></span> <span class='ocrx_word' id='word_1_68' title='bbox 728 2516 760 2562; x_wconf 90' lang='lat' dir='ltr'><strong>et</strong></span> <span class='ocrx_word' id='word_1_69' title='bbox 781 2502 960 2562; x_wconf 85' lang='lat' dir='ltr'><strong>obtusiores</strong></span> <span class='ocrx_word' id='word_1_70' title='bbox 985 2517 1075 2568; x_wconf 83' lang='lat' dir='ltr'><strong>sunt.</strong></span> <span class='ocrx_word' id='word_1_71' title='bbox 1122 2504 1266 2584; x_wconf 86' lang='lat' dir='ltr'><strong>Stipulae</strong></span> <span class='ocrx_word' id='word_1_72' title='bbox 1289 2505 1413 2568; x_wconf 84' lang='lat' dir='ltr'><strong>nullae.</strong></span> 
     </span>
    </p>

    <p class='ocr_par' dir='ltr' id='par_1_7' title="bbox 265 2621 1796 3176">
     <span class='ocr_line' id='line_1_13' title="bbox 359 2621 1795 2704; baseline 0.004 -22"><span class='ocrx_word' id='word_1_73' title='bbox 359 2623 385 2682; x_wconf 86' lang='lat' dir='ltr'>F</span> <span class='ocrx_word' id='word_1_74' title='bbox 390 2642 495 2683; x_wconf 75' lang='lat' dir='ltr'><strong>nones</strong></span> <span class='ocrx_word' id='word_1_75' title='bbox 519 2621 715 2682; x_wconf 81' lang='lat' dir='ltr'><strong>densissime</strong></span> <span class='ocrx_word' id='word_1_76' title='bbox 740 2624 866 2704; x_wconf 85' lang='lat' dir='ltr'><strong>spicati,</strong></span> <span class='ocrx_word' id='word_1_77' title='bbox 888 2623 988 2696; x_wconf 86' lang='lat' dir='ltr'><strong>lutei,</strong></span> <span class='ocrx_word' id='word_1_78' title='bbox 1021 2621 1193 2684; x_wconf 83' lang='lat' dir='ltr'><strong>bracteolis</strong></span> <span class='ocrx_word' id='word_1_79' title='bbox 1216 2623 1411 2696; x_wconf 76' lang='lat' dir='ltr'><strong>linearibus,</strong></span> <span class='ocrx_word' id='word_1_80' title='bbox 1435 2623 1601 2698; x_wconf 85' lang='lat' dir='ltr'><strong>concavis,</strong></span> <span class='ocrx_word' id='word_1_81' title='bbox 1631 2624 1722 2704; x_wconf 84' lang='lat' dir='ltr'><strong>epioe</strong></span> <span class='ocrx_word' id='word_1_82' title='bbox 1742 2626 1795 2688; x_wconf 82' lang='lat' dir='ltr'><strong>itt·</strong></span> 
     </span>
     <span class='ocr_line' id='line_1_14' title="bbox 269 2739 1794 2822; baseline 0.003 -23"><span class='ocrx_word' id='word_1_83' title='bbox 269 2741 396 2814; x_wconf 86' lang='lat' dir='ltr'><strong>curvis,</strong></span> <span class='ocrx_word' id='word_1_84' title='bbox 435 2743 744 2802; x_wconf 84' lang='lat' dir='ltr'><strong>flavo-tomentosis</strong></span> <span class='ocrx_word' id='word_1_85' title='bbox 781 2743 991 2803; x_wconf 86' lang='lat' dir='ltr'><strong>interstincti.</strong></span> <span class='ocrx_word' id='word_1_86' title='bbox 1060 2739 1174 2822; x_wconf 85' lang='lat' dir='ltr'><strong>Spicne</strong></span> <span class='ocrx_word' id='word_1_87' title='bbox 1211 2743 1376 2815; x_wconf 79' lang='lat' dir='ltr'><strong>exiliores,</strong></span> <span class='ocrx_word' id='word_1_88' title='bbox 1422 2741 1602 2815; x_wconf 77' lang='lat' dir='ltr'><strong>solitariae,</strong></span> <span class='ocrx_word' id='word_1_89' title='bbox 1637 2743 1794 2820; x_wconf 79' lang='lat' dir='ltr'><strong>unciales,</strong></span> 
     </span>
     <span class='ocr_line' id='line_1_15' title="bbox 265 2858 1794 2944; baseline 0.001 -24"><span class='ocrx_word' id='word_1_90' title='bbox 265 2874 421 2930; x_wconf 75' lang='lat' dir='ltr'><strong>erectae,</strong></span> <span class='ocrx_word' id='word_1_91' title='bbox 455 2859 637 2921; x_wconf 80' lang='lat' dir='ltr'><strong>insidentes</strong></span> <span class='ocrx_word' id='word_1_92' title='bbox 666 2859 853 2942; x_wconf 82' lang='lat' dir='ltr'><strong>petiunculo</strong></span> <span class='ocrx_word' id='word_1_93' title='bbox 882 2858 1051 2932; x_wconf 88' lang='lat' dir='ltr'><strong>subbrevi,</strong></span> <span class='ocrx_word' id='word_1_94' title='bbox 1093 2859 1547 2940; x_wconf 81' lang='lat' dir='ltr'><strong>sulphureo-pulverulento,</strong></span> <span class='ocrx_word' id='word_1_95' title='bbox 1584 2864 1639 2942; x_wconf 92' lang='lat' dir='ltr'><strong>qui</strong></span> <span class='ocrx_word' id='word_1_96' title='bbox 1667 2865 1794 2944; x_wconf 81' lang='lat' dir='ltr'><strong>saepius</strong></span> 
     </span>
     <span class='ocr_line' id='line_1_16' title="bbox 273 2967 1796 3062; baseline 0.002 -23"><span class='ocrx_word' id='word_1_97' title='bbox 273 2979 333 3039; x_wconf 89' lang='lat' dir='ltr'><strong>sub</strong></span> <span class='ocrx_word' id='word_1_98' title='bbox 358 2984 447 3062; x_wconf 81' lang='lat' dir='ltr'><strong>spica</strong></span> <span class='ocrx_word' id='word_1_99' title='bbox 471 2981 623 3042; x_wconf 78' lang='lat' dir='ltr'><strong>diuiditur</strong></span> <span class='ocrx_word' id='word_1_100' title='bbox 644 2996 675 3040; x_wconf 93' lang='lat' dir='ltr'><strong>et</strong></span> <span class='ocrx_word' id='word_1_101' title='bbox 703 2983 737 3038; x_wconf 90' lang='lat' dir='ltr'><strong>in</strong></span> <span class='ocrx_word' id='word_1_102' title='bbox 769 2978 934 3038; x_wconf 82' lang='lat' dir='ltr'><strong>ramulum</strong></span> <span class='ocrx_word' id='word_1_103' title='bbox 961 2981 1153 3056; x_wconf 87' lang='lat' dir='ltr'><strong>procrescit,</strong></span> <span class='ocrx_word' id='word_1_104' title='bbox 1183 2997 1246 3040; x_wconf 88' lang='lat' dir='ltr'><strong>nec</strong></span> <span class='ocrx_word' id='word_1_105' title='bbox 1277 2998 1345 3040; x_wconf 89' lang='lat' dir='ltr'><strong>non</strong></span> <span class='ocrx_word' id='word_1_106' title='bbox 1371 2981 1411 3040; x_wconf 87' lang='lat' dir='ltr'><strong>ad</strong></span> <span class='ocrx_word' id='word_1_107' title='bbox 1441 2980 1636 3044; x_wconf 83' lang='lat' dir='ltr'><strong>divisionem</strong></span> <span class='ocrx_word' id='word_1_108' title='bbox 1662 2967 1796 3042; x_wconf 75' lang='lat' dir='ltr'><strong>bractea</strong></span> 
     </span>
     <span class='ocr_line' id='line_1_17' title="bbox 273 3096 1192 3176; baseline -0.003 -16"><span class='ocrx_word' id='word_1_109' title='bbox 273 3101 595 3175; x_wconf 77' lang='lat' dir='ltr'><strong>ovato-lanceolata,</strong></span> <span class='ocrx_word' id='word_1_110' title='bbox 619 3101 755 3176; x_wconf 83' lang='lat' dir='ltr'><strong>obtusa,</strong></span> <span class='ocrx_word' id='word_1_111' title='bbox 777 3101 921 3158; x_wconf 79' lang='lat' dir='ltr'><strong>concava</strong></span> <span class='ocrx_word' id='word_1_112' title='bbox 953 3108 1001 3154; x_wconf 81' lang='lat' dir='ltr'><strong>est</strong></span> <span class='ocrx_word' id='word_1_113' title='bbox 1023 3096 1192 3164; x_wconf 77' lang='lat' dir='ltr'><strong>suffultus.</strong></span> 
     </span>
    </p>

    <p class='ocr_par' dir='ltr' id='par_1_8' title="bbox 274 3217 1794 3404">
     <span class='ocr_line' id='line_1_18' title="bbox 358 3217 1794 3304; baseline 0.003 -26"><span class='ocrx_word' id='word_1_114' title='bbox 358 3219 478 3280; x_wconf 75' lang='lat' dir='ltr'><strong>Cenrx</strong></span> <span class='ocrx_word' id='word_1_115' title='bbox 522 3221 747 3291; x_wconf 82' lang='lat' dir='ltr'><strong>brevissimus,</strong></span> <span class='ocrx_word' id='word_1_116' title='bbox 797 3217 880 3278; x_wconf 90' lang='lat' dir='ltr'><strong>ssavo</strong></span> <span class='ocrx_word' id='word_1_117' title='bbox 924 3229 1147 3293; x_wconf 85' lang='lat' dir='ltr'><strong>tomentosus,</strong></span> <span class='ocrx_word' id='word_1_118' title='bbox 1192 3223 1428 3304; x_wconf 83' lang='lat' dir='ltr'><strong>monophyllus</strong></span> <span class='ocrx_word' id='word_1_119' title='bbox 1475 3224 1794 3304; x_wconf 81' lang='lat' dir='ltr'><strong>quinquedentatuss</strong></span> 
     </span>
     <span class='ocr_line' id='line_1_19' title="bbox 274 3336 590 3404; baseline 0 -6"><span class='ocrx_word' id='word_1_120' title='bbox 274 3336 427 3398; x_wconf 87' lang='lat' dir='ltr'><strong>dentibus</strong></span> <span class='ocrx_word' id='word_1_121' title='bbox 451 3337 590 3404; x_wconf 80' lang='lat' dir='ltr'><strong>obtusis.</strong></span> 
     </span>
    </p>

    <p class='ocr_par' dir='ltr' id='par_1_9' title="bbox 356 3455 1518 3543">
     <span class='ocr_line' id='line_1_20' title="bbox 356 3455 1518 3543; baseline 0.009 -27"><span class='ocrx_word' id='word_1_122' title='bbox 356 3457 521 3516; x_wconf 77' lang='lat' dir='ltr'><strong>Conouns</strong></span> <span class='ocrx_word' id='word_1_123' title='bbox 545 3457 767 3538; x_wconf 87' lang='lat' dir='ltr'><strong>monopetala,</strong></span> <span class='ocrx_word' id='word_1_124' title='bbox 792 3455 1019 3538; x_wconf 84' lang='lat' dir='ltr'><strong>quinqueiida:</strong></span> <span class='ocrx_word' id='word_1_125' title='bbox 1044 3457 1172 3518; x_wconf 87' lang='lat' dir='ltr'><strong>laciniis</strong></span> <span class='ocrx_word' id='word_1_126' title='bbox 1196 3463 1296 3521; x_wconf 84' lang='lat' dir='ltr'><strong>ovatis</strong></span> <span class='ocrx_word' id='word_1_127' title='bbox 1317 3462 1518 3543; x_wconf 86' lang='lat' dir='ltr'><strong>patentibus.</strong></span> 
     </span>
    </p>

    <p class='ocr_par' dir='ltr' id='par_1_10' title="bbox 355 3573 1073 3658">
     <span class='ocr_line' id='line_1_21' title="bbox 355 3573 1073 3658; baseline 0.003 -26"><span class='ocrx_word' id='word_1_128' title='bbox 355 3573 527 3634; x_wconf 71' lang='lat' dir='ltr'><strong>Senum</strong></span> <span class='ocrx_word' id='word_1_129' title='bbox 554 3593 750 3652; x_wconf 82' lang='lat' dir='ltr'><strong>numerosa,</strong></span> <span class='ocrx_word' id='word_1_130' title='bbox 773 3577 893 3637; x_wconf 83' lang='lat' dir='ltr'><strong>corolla</strong></span> <span class='ocrx_word' id='word_1_131' title='bbox 915 3577 1073 3658; x_wconf 79' lang='lat' dir='ltr'><strong>longiora.</strong></span> 
     </span>
    </p>

    <p class='ocr_par' dir='ltr' id='par_1_11' title="bbox 270 3693 1796 3894">
     <span class='ocr_line' id='line_1_22' title="bbox 358 3693 1796 3782; baseline 0.008 -29"><span class='ocrx_word' id='word_1_132' title='bbox 358 3693 517 3754; x_wconf 79' lang='lat' dir='ltr'><strong>Gnnnnu</strong></span> <span class='ocrx_word' id='word_1_133' title='bbox 551 3695 748 3778; x_wconf 81' lang='lat' dir='ltr'><strong>oblongum,</strong></span> <span class='ocrx_word' id='word_1_134' title='bbox 779 3695 1119 3761; x_wconf 85' lang='lat' dir='ltr'><strong>albo-romentosum.</strong></span> <span class='ocrx_word' id='word_1_135' title='bbox 1176 3697 1286 3780; x_wconf 83' lang='lat' dir='ltr'><strong>Styius</strong></span> <span class='ocrx_word' id='word_1_136' title='bbox 1320 3701 1516 3766; x_wconf 86' lang='lat' dir='ltr'><strong>staminibus</strong></span> <span class='ocrx_word' id='word_1_137' title='bbox 1545 3700 1691 3782; x_wconf 79' lang='lat' dir='ltr'><strong>longior,</strong></span> <span class='ocrx_word' id='word_1_138' title='bbox 1727 3719 1796 3782; x_wconf 74' lang='lat' dir='ltr'><strong>get·</strong></span> 
     </span>
     <span class='ocr_line' id='line_1_23' title="bbox 270 3815 654 3894; baseline 0.008 -20"><span class='ocrx_word' id='word_1_139' title='bbox 270 3817 371 3874; x_wconf 89' lang='lat' dir='ltr'><strong>minis</strong></span> <span class='ocrx_word' id='word_1_140' title='bbox 395 3817 478 3894; x_wconf 89' lang='lat' dir='ltr'><strong>apici</strong></span> <span class='ocrx_word' id='word_1_141' title='bbox 499 3815 654 3878; x_wconf 88' lang='lat' dir='ltr'><strong>insertus.</strong></span> 
     </span>
    </p>

    <p class='ocr_par' dir='ltr' id='par_1_12' title="bbox 355 3931 870 4016">
     <span class='ocr_line' id='line_1_24' title="bbox 355 3931 870 4016; baseline 0.002 -26"><span class='ocrx_word' id='word_1_142' title='bbox 355 3931 535 3992; x_wconf 78' lang='lat' dir='ltr'><strong>Laousturs</strong></span> <span class='ocrx_word' id='word_1_143' title='bbox 582 3973 592 4000; x_wconf 81' lang='grc'><strong>.</strong></span> <span class='ocrx_word' id='word_1_144' title='bbox 639 3975 649 4000; x_wconf 85' lang='grc'><strong>.</strong></span> <span class='ocrx_word' id='word_1_145' title='bbox 697 3975 708 4002; x_wconf 89' lang='lat'><strong>,</strong></span> <span class='ocrx_word' id='word_1_146' title='bbox 755 3937 870 4016; x_wconf 55' lang='grc' dir='ltr'><strong>(Μ)</strong></span> 
     </span>
    </p>
   </div>
   <div class='ocr_carea' id='block_1_6' title="bbox 0 0 2389 6032">
    <p class='ocr_par' dir='ltr' id='par_1_13' title="bbox 0 0 2389 6032">
     <span class='ocr_line' id='line_1_25' title="bbox 0 0 2389 6032; baseline 0 0"><span class='ocrx_word' id='word_1_147' title='bbox 0 0 2389 6032; x_wconf 95' lang='lat' dir='ltr'><strong> </strong></span> 
     </span>
    </p>
   </div>
  </div>
 </body>
</html>
