4752 6032
647 801 675 862 2
692 845 697 852 ,
1318 793 1502 842 <mx-

649 985 800 1044 minusve
820 981 1005 1058 incrassati,
1028 980 1136 1044 antico
1159 982 1320 1062 glandulis
1346 1008 1440 1066 1-5
1461 990 1586 1071 saepius
1608 990 1784 1064 instructo,
1806 990 1982 1075 depressis,
2007 995 2174 1074 brunneir,

648 1105 739 1184 apice
763 1104 946 1160 mucronati
968 1103 1035 1162 lere
1059 1123 1190 1176 omnes,
1214 1110 1339 1188 saepius
1362 1110 1474 1170 venosi
1495 1109 1519 1174 l.
1542 1109 1852 1184 venulam-striati,
1874 1112 1978 1192 glabri
1999 1115 2172 1196 plerisque,

647 1219 818 1282 nonnullis
840 1219 982 1292 juniores
1007 1219 1384 1303 sericeo-pubescentes.

736 1338 881 1422 Stipulae
904 1339 966 1398 sub
989 1343 1100 1420 quovis
1124 1344 1244 1422 petiole
1265 1345 1347 1405 duae
1369 1361 1426 1408 aut
1446 1351 1678 1429 spinescentes,
1698 1351 1917 1430 persistentes,
1939 1363 1995 1410 ant
2014 1350 2175 1412 minimae

648 1458 896 1543 squamilormes
927 1457 1083 1520 deciduae
1111 1461 1163 1520 vel
1195 1462 1334 1527 caducae
1365 1479 1395 1526 et
1423 1480 1504 1527 tunc
1526 1470 1563 1530 in
1585 1468 1695 1548 planta
1717 1467 1826 1528 adulta
1849 1471 1900 1530 rix
1922 1469 2119 1532 observatori
2139 1488 2175 1531 se

644 1577 855 1661 praebentes,
878 1595 941 1655 quo
966 1595 1042 1636 casu
1064 1579 1375 1662 indescriptionibus
1400 1585 1558 1667 ”stipulae
1580 1587 1713 1646 nullae“
1736 1585 1814 1650 dixi.

734 1699 843 1758 Floras
872 1696 909 1755 in
930 1693 994 1756 hoc
1019 1698 1209 1758 Acaciarum
1234 1703 1319 1762 tribu
1342 1724 1471 1786 semper
1492 1707 1584 1765 flavi.
1615 1705 1770 1764 nonnulli
1802 1703 2064 1786 hermaphroditi
2089 1725 2175 1767 mas·

645 1819 726 1880 culis
749 1815 970 1896 irregulariter
990 1819 1183 1890 intermixti,
1204 1821 1374 1882 bracteolis
1396 1825 1595 1884 interstincti
1614 1823 1856 1905 polymorphis,
1885 1828 2083 1906 proveniunt
2105 1844 2174 1886 rer·

644 1959 698 2000 sus
721 1953 890 1998 ramorum
908 1938 1034 2016 apicem
1060 1955 1098 1995 err
1126 1939 1230 1998 axillis
1253 1943 1452 2022 petiolorum
1475 1943 1519 2002 ita
1546 1959 1582 2004 ut
1603 1962 1845 2022 nonnunquam
1868 1957 1934 2002 tota
1959 1945 2170 2007 inllosescon·

644 2060 690 2119 tia
710 2075 859 2118 racemus
882 2054 954 2136 plus
975 2055 1125 2115 minusve
1148 2063 1363 2138 compositus,
1391 2061 1483 2120 laxus
1509 2063 1634 2134 evadat,
1655 2080 1746 2122 nunc
1770 2065 1914 2142 capitati,
1935 2081 2026 2122 nune
2048 2066 2172 2145 spicati.

730 2175 881 2257 Capitula
905 2173 1098 2234 densissima
1120 2177 1269 2255 globosa,
1293 2183 1398 2238 variae
1421 2181 1673 2256 magnitudinis,
1696 2181 1752 2239 sed
1774 2195 1887 2240 tamen
1909 2201 2081 2262 nunquam
2101 2185 2171 2246 lere

641 2295 832 2362 Avellanam
856 2294 1085 2376 adaequantia,
1108 2295 1270 2376 plerisque
1294 2299 1487 2372 multiflora,
1510 2301 1618 2380 paucis
1643 2301 1835 2380 paucillora,
1865 2301 1901 2358 in
1923 2303 2172 2364 unicalamum

641 2420 748 2499 specie
770 2415 895 2488 biliosa,
918 2431 1006 2474 nunc
1030 2415 1172 2474 solitaria
1193 2417 1216 2483 l,
1241 2417 1316 2476 bina
1340 2439 1376 2476 ex
1400 2417 1503 2476 axillis
1521 2418 1715 2497 pedunculis
1738 2415 1957 2498 simplissimts
1981 2421 2166 2496 insidentia,

639 2553 730 2597 nunc
752 2534 846 2615 plura
867 2535 905 2592 in
927 2551 1072 2592 racemos
1103 2535 1267 2615 simplices
1297 2538 1468 2618 disposita,
1497 2535 1663 2620 percellis
1690 2539 1825 2617 propriis
1851 2545 1977 2619 saepius
2002 2541 2168 2603 subcleva-

639 2658 700 2733 tis,
728 2654 873 2736 pallidis,
904 2649 1150 2731 subdiaphanis.
1213 2655 1325 2735 Spicae
1355 2655 1512 2728 lineares,
1542 2655 1756 2735 cylindricae,
1794 2659 2059 2736 amentiiormes,
2094 2663 2165 2743 plus

640 2777 790 2836 minusve
813 2773 948 2846 densae,
970 2771 1149 2853 simplices,
1172 2777 1339 2835 rarissime
1359 2773 1494 2846 ramosi,
1513 2775 1671 2836 solitariae
1695 2775 1791 2836 binae
1814 2776 1861 2834 vel
1885 2779 2079 2856 geminatae.

662 2931 666 2940 ·
730 2899 914 2960 Bnacrran
938 2895 1081 2954 minutae
1106 2893 1145 2954 ad
1169 2893 1259 2954 basin
1284 2897 1425 2978 cuiusvis
1446 2896 1624 2979 pedunculi
1644 2909 1677 2956 et
1696 2896 1861 2977 pedicelli,
1883 2898 2061 2978 ,interdum
2083 2901 2169 2964 deci·

637 3019 737 3092 duae,
760 3017 1045 3086 membranaceae,
1070 3015 1330 3094 squamilormes·

721 3142 842 3202 Crnrx
865 3154 919 3200 aut
940 3135 1169 3219 pentapltyllus
1196 3149 1252 3194 aut
1275 3135 1525 3216 monophyllus,
1553 3139 1637 3194 varie
1660 3149 1744 3213 4-5
1762 3135 1924 3212 dentatus,
1945 3137 1998 3200 vel
2018 3140 2164 3219 partitus,

635 3263 799 3324 rarissime
822 3271 1009 3328 truncatus,
1033 3258 1175 3332 integer,
1199 3255 1321 3314 corolla
1344 3273 1473 3335 semper
1496 3254 1562 3314 lere
1584 3254 1723 3317 brevior.

719 3379 882 3440 Coronea
904 3377 1068 3436 turbinata
1090 3373 1110 3432 l.
1135 3373 1360 3454 campanulata
1382 3373 1405 3436 l,
1430 3387 1541 3444 intuta,
1565 3374 1775 3453 proportione
1795 3375 1913 3454 calycis
1935 3393 2020 3456 4-5
2033 3379 2162 3440 dentata

633 3501 659 3567 1.
682 3501 814 3583 partita,
836 3499 939 3558 rarius
963 3511 1061 3577 4-5
1086 3495 1206 3576 petala,
1226 3493 1338 3574 petalis
1358 3493 1524 3552 laciniisve
1546 3492 1740 3574 plerumque
1764 3491 1926 3572 oblongis.

720 3619 866 3680 Stamina
888 3623 924 3678 in
947 3617 1099 3677 omnibus
1121 3632 1311 3687 numerosa,
1334 3629 1491 3694 supteno
1514 3615 1635 3674 corolla
1657 3616 1850 3696 plerumque
1868 3615 2029 3697 longiora.
2074 3617 2161 3678 Fila·

633 3753 745 3800 menta
765 3736 884 3810 libera,
908 3737 957 3796 vel
979 3737 1050 3796 basi
1070 3755 1187 3818 parum
1203 3750 1361 3812 connata,
1383 3737 1540 3798 subulata.
1588 3735 1751 3796 Antharae
1765 3755 1902 3816 parrae,
1927 3738 2156 3819 subglobosae,

636 3859 852 3932 biloculares,
890 3873 1032 3930 erectae,
1069 3854 1317 3916 Elementorum
1355 3858 1440 3938 apici
1461 3855 1590 3924 allisae,

718 3977 885 4040 Pistillum
908 3978 1057 4040 unicum.
1103 3975 1255 4034 German
1272 3975 1515 4036 subnotandum
1538 3977 1589 4038 vel
1610 3977 1810 4058 oblongum,
1832 3974 1985 4056 glabrum
2007 3977 2058 4038 vel
2079 3978 2158 4061 pilis

632 4098 793 4160 vestitum.
839 4097 946 4177 stylus
969 4093 1149 4165 fililormis,
1173 4091 1298 4172 glaber,
1320 4096 1478 4174 germinis
1501 4097 1586 4176 apici
1606 4097 1766 4173 insertus,
1789 4096 1842 4158 rel
1867 4098 1905 4158 in
1927 4096 1994 4173 ejus
2019 4100 2156 4162 summis

630 4221 692 4282 tale
713 4221 869 4287 lateralis.
916 4219 1040 4300 Stigma
1061 4228 1262 4292 truncatum,
1287 4213 1535 4297 subcapitatum.

714 4343 865 4410 Fructus,
908 4341 1089 4422 Legumen.
