4752 6032
893 1280 1080 1299 ἡ

411 1523 415 1536 ’
478 1519 552 1612 ab.
616 1515 871 1608 AOACIA
933 1511 1501 1606 DOLABRIFORMIS.

228 1739 298 1862 Α.
334 1775 513 1850 inermis:
543 1774 691 1870 pelielis
717 1771 922 1846 linearibus
949 1769 1167 1844 subsalcaris
1195 1771 1298 1864 apice
1326 1769 1474 1866 oblique
1502 1773 1753 1874 emarginato-

228 1911 436 1994 truncatis,
463 1911 546 1982 lobe
574 1907 749 1980 infcriori
777 1920 999 1979 mucronato
1026 1918 1223 2002 pungente.

312 2093 445 2154 Habitat
464 2094 500 2152 in
522 2093 609 2153 Nova
637 2089 821 2150 Hellandia.
855 2075 890 2167 ᾔ

842 2325 1180 2388 DESCRIPTIO.

312 2501 413 2560 ilaus
428 2500 532 2582 glabri
549 2497 725 2559 subsulcati
745 2500 872 2578 apicem'
894 2515 1004 2558 versus
1029 2495 1235 2576 subangulati
1256 2496 1385 2578 petiolis
1409 2496 1558 2558 obsoleta
1581 2497 1756 2560 decurren-

226 2617 327 2680 2ibus.
744 2613 748 2620 ’

313 2737 468 2796 Parronr
487 2735 613 2810 alterni,
638 2735 750 2820 glabri,
771 2723 926 2820 patentes,
949 2736 1129 2808 subsalcati,
1151 2735 1302 2807 lineares,
1327 2735 1398 2796 basi
1414 2737 1464 2796 vix
1487 2740 1655 2810 attenuati,
1671 2757 1754 2816 mar-

227 2856 359 2938 ginibus
381 2874 480 2915 nervo
502 2857 698 2934 incrassatis,
720 2859 857 2919 inferior
879 2859 1084 2930 decurrente,
1107 2855 1197 2936 apice
1219 2853 1349 2932 oblique
1372 2859 1754 2937 marginem-truncati,

227 2977 302 3038 lobc
325 2977 474 3037 inferiori
496 2977 569 3058 plus
595 2981 743 3038 minusve
757 2991 918 3059 protracte
941 2977 1128 3038 acuminato
1136 3023 1145 3056 ,
1167 2995 1326 3036 mucrene
1348 2977 1454 3056 rigide
1471 2991 1637 3058 pungente
1660 2999 1755 3060 supe·

226 3097 304 3156 riori
319 3099 356 3156 in
372 3096 612 3174 angustioribus
634 3094 794 3174 obsoleto,
819 3099 855 3156 in
873 3096 1060 3172 latioribus,
1085 3097 1140 3176 qui
1155 3095 1346 3171 inferiores,
1362 3096 1497 3158 obtuso:
1533 3097 1752 3173 subtrinervii,

227 3219 335 3278 nervis
363 3213 551 3278 lateralibus
583 3215 833 3294 marginalibus,
856 3215 1071 3281 intermedio,
1090 3216 1126 3275 in
1149 3213 1262 3276 lobum
1284 3203 1398 3296 pericli
1420 3217 1615 3277 inferioreus
1642 3235 1753 3278 excur-

225 3352 340 3398 rente:
368 3337 539 3396 inferiores
570 3333 731 3396 breviores
764 3336 1010 3398 semiunciales:
1039 3335 1169 3394 latiores
1195 3336 1384 3416 praesertim
1414 3334 1453 3396 ad
1483 3337 1607 3416 apicem
1629 3337 1754 3396 lineam

227 3457 285 3520 lati
307 3457 429 3515 summi
451 3458 586 3514 unciam
609 3455 677 3516 lere
697 3457 789 3536 lengi
812 3455 868 3514 sed
891 3456 986 3516 multi
1009 3454 1222 3534 angustiores.

314 3576 382 3636 Nec
410 3577 507 3637 lieres
531 3596 591 3637 nec
616 3575 740 3636 fructus
762 3575 845 3647 vidi,
869 3575 925 3635 sed
946 3589 1076 3636 rantum
1098 3572 1237 3632 unicum
1261 3575 1427 3652 specimen
1450 3577 1486 3634 in
1507 3576 1598 3636 Nova
1618 3573 1755 3636 Hellan-

229 3696 279 3755 ‹lia
313 3695 452 3768 lectum,
482 3696 567 3776 quod
596 3711 669 3755 vero
695 3697 771 3757 satis
803 3714 962 3776 superque
990 3693 1129 3752 formam
1152 3689 1350 3772 periclerum
1374 3693 1572 3772 singularem
1594 3708 1754 3755 monstrat

228 3829 324 3893 atqua
346 3832 400 3872 me
423 3812 563 3891 edoquie
587 3814 672 3875 hanc
694 3817 847 3897 speciem,
870 3816 922 3875 sin
942 3813 1038 3876 flores
1062 3815 1199 3893 capitati,
1217 3813 1305 3871 inter
1330 3810 1370 3874 A.
1394 3811 1513 3871 alaram
1536 3825 1570 3876 et
1591 3813 1753 3896 decipien-

227 3947 296 3994 iem
319 3950 388 3993 ease
410 3932 607 4014 ponendam.
